@article{numpy-array,
  author    = {St{\'{e}}fan van der Walt and
               S. Chris Colbert and
               Ga{\"{e}}l Varoquaux},
  title     = {The NumPy array: a structure for efficient numerical computation},
  journal   = {CoRR},
  volume    = {abs/1102.1523},
  year      = {2011},
  url       = {http://arxiv.org/abs/1102.1523},
  timestamp = {Mon, 05 Dec 2011 18:04:55 +0100},
  biburl    = {http://dblp.uni-trier.de/rec/bib/journals/corr/abs-1102-1523},
  bibsource = {dblp computer science bibliography, http://dblp.org}
}

@Article{matplotlib,
  Author    = {Hunter, J. D.},
  Title     = {Matplotlib: A 2D graphics environment},
  Journal   = {Computing In Science \& Engineering},
  Volume    = {9},
  Number    = {3},
  Pages     = {90--95},
  abstract  = {Matplotlib is a 2D graphics package used for Python
  for application development, interactive scripting, and
  publication-quality image generation across user
  interfaces and operating systems.},
  publisher = {IEEE COMPUTER SOC},
  doi = {10.1109/MCSE.2007.55},
  year      = 2007
}
@article{general-poly-chaos,
  title={Modeling uncertainty in steady state diffusion problems via generalized polynomial chaos},
  author={Xiu, Dongbin and Karniadakis, George Em},
  journal={Computer methods in applied mechanics and engineering},
  volume={191},
  number={43},
  pages={4927--4948},
  year={2002},
  publisher={Elsevier}
}